$Id$
------------------------------------------------------------------------------

@STRING(JETP = "J~.Exptl.~Theoret.~Phys.~(U.~S.~S.~R.)")

@ARTICLE{Gross61,
  author = "E.~P.~Gross",
  year = "1961",
  title = "Structure of a quantized vortex in boson systems",
  journal = "Il Nuovo Cimento",
  volume = "20",
  pages = "454--457",
}

@BOOK{NR92,
  author = "W.~H.~Press and S.~A.~Teukolsky and W.~T.~Vetterling and
    B.~P.~Flannery",
  year = "1992",
  title = "Numerical recipes in {Fortran} 77",
  subtitle = "The art of scientific computing",
  edition = "2",
  publisher = "{Cambridge University Press}",
  isbn = "0-521-43061-X",
}

@ARTICLE{Pitaevskii61,
  author = "L.~P.~Pitaevskii",
  year = "1961",
  title = "Vortex lines in an imperfect {Bose} gas",
  journal = JETP,
  volume = "13",
  pages = "451--454",
}
